@ARTICLE{6lowpan_architecture,
    author = {Geoff Mulligan and 6LoWPAN Working Group},
    title = {The 6LoWPAN Architecture},
    conference = {Proceedings of the 4th Workshop on Embedded Networked Sensors, EmNets 2007, Cork, Ireland},
    year = {2007},
    month = {June},
    doi = {10.1145/1278972.1278992}
}

@TECHREPORT{6lowpan_demystified,
    author = {Jonas Olsson},
    title = {6LoWPAN demystified},
    institution = {Texas Instruments},
    year = {2014},
    howpublished = {\url{http://www.ti.com/lit/wp/swry013/swry013.pdf}}
}

@TECHREPORT{ieee:lrwpan,
    author = {IEEE Computer Society},
    title = {Part 15.4: Low-Rate Wireless Personal Area Networks (LR-WPANs)},
    institution = {Institute of Electrical and Electronics Engineers Standards Association},
    year = {2011},
    howpublished = {\url{http://standards.ieee.org/about/get/802/802.15.html}}
}

@TECHREPORT{route-over_mesh-under,
    author = {Chowdhury, et al.},
    title = {Route-over vs Mesh-under Routing in 6LoWPAN},
    institution = {Ajou University, Suwon, 443-749 Republic of Korea},
    year = {2009}
    %, howpublished = {http://ms11.voip.edu.tw/~jryan/ref/Route-over%20vs%20mesh-under%20routing%20in%206LoWPAN.pdf}
}

@TECHREPORT{rpl_ipso,
    author = {JP Vasseur, et al.},
    title = {RPL: The IP routing protocol designed for low power and lossy networks},
    institution = {Internet Protocol for Smart Objects (IPSO) Alliance},
    year = {2011},
    howpublished = {\url{http://www.ipso-alliance.org/wp-content/media/rpl.pdf}}
}

@MISC{rfc4919,
    author = {Kushalnagar, et al.},
    title = {RFC 4919: IPv6 over Low-Power Wireless Personal Area Networks (6LoWPANs):
          Overview, Assumptions, Problem Statement, and Goals},
    publisher = {Network Working Group},
    month = {August},
    year = {2007},
    howpublished = {\url{https://tools.ietf.org/html/rfc4919}}
}

@MISC{rfc4944,
    author = {Montenegro, et al.},
    title = {RFC 4944: Transmission of IPv6 Packets over IEEE 802.15.4 Networks},
    publisher = {Network Working Group},
    month = {September},
    year = {2007},
    howpublished = {\url{https://tools.ietf.org/html/rfc4944}}
}

@MISC{rfc6282,
    author = {Hui & Thubert},
    title = {RFC 6282: Compression Format for IPv6 Datagrams over IEEE 802.15.4-Based Networks},
    publisher = {Internet ENgineering Task Force IETF},
    month = {September},
    year = {2011},
    howpublished = {\url{https://tools.ietf.org/html/rfc6282}}
}

@MISC{rfc4291,
    author = {Hinden, et al.},
    title = {RFC 4291: IP Version 6 Addressing Architecture},
    publisher = {Network Working Group},
    month = {February},
    year = {2006},
    howpublished = {\url{https://tools.ietf.org/html/rfc4921}}
}

@MISC{rplwiki,
    title = {Routing Protocol for Low power and Lossy Networks},
    publisher = {Wikipedia},
    howpublished = {\url{https://de.wikipedia.org/wiki/Routing_Protocol_for_Low_power_and_Lossy_Networks}}
}

@MISC{rfc6550,
    author = {Winter, et al.},
    title = {RFC 6550: RPL: IPv6 Routing Protocol for Low-Power and Lossy Networks},
    publisher = {Internet Engineering Task Force (IETF)},
    month = {March},
    year = {2012},
    howpublished = {\url{https://tools.ietf.org/html/rfc6550}}
}

@MISC{zigbee_stack_picture,
    author = {Bartoni, et al.},
    title = {Wireless sensor networks: A survey on the state of the art and the 802.15.4 and ZigBee standards},
    month = {December},
    year = {2006},
    howpublished = {\url{http://www.123seminarsonly.com/Seminar-Reports/015/53603449-zigbee.pdf}}
}

@MISC{mesh_network_picture,
    author = {Jon Adams},
    title = {Sensor Mag Meet the ZigBee Standard},
    publisher = {Sensors Online \url{http://www.sensorsmag.com}},
    month = {June},
    year = {2003},
    howpublished = {\url{http://www.sensorsmag.com/sensors-mag/meet-zigbee-standard-733}}
}

@MISC{zigbeeip,
    author = {Robert Cragie},
    title = {The ZigBee IP Stack IPv6-based stack for 802.15.4 networks},
    publisher = {Pacific Gas and Electric Company, ZigBee Security Task Group, ZigBee IP Stack Group},
    year = {2010},
    howpublished = {\url{http://labs.chinamobile.com/attachments/wiise/MiracleW-3.pdf}}
}

@MISC{routing_draft,
    author = {Hui J.},
    title = {Routing Architecture in Low-Power and Lossy Networks (LLNs) draft-routing-architecture-iot-00},
    publisher = {Internet Engineering Task Force},
    month = {March},
    year = {2011},
    howpublished = {\url{https://tools.ietf.org/html/draft-routing-architecture-iot-00}}

}
