

@article{slotframes_fig,
author    = "Domenico De Guglielmo, Alessio Seghetti, Giuseppe Anastasi, Marco Conti",
title     = "A Performance Analysis of the Network Formation Process in IEEE 802.15.4e
TSCH Wireless Sensor/Actuator Networks",
journal   = "2014 IEEE Symposium on Computers and Communications (ISCC)",
%volume   = "",
%number   = "",
pages    = "6",
year      = "2014 ",
%month    = "June",
note     = "DOI: 10.1109/ISCC.2014.6912607 ",
}

@incollection{tsch_link_fig,
	author	= "Domenico De Guglielmo, Giuseppe Anastasi and Alessio Seghetti",
	title	= "From IEEE 802.15.4 to IEEE 802.15.4e: A Step
	Towards the Internet of Things",
	booktitle= "Advances onto the Internet of Things,
	Advances in Intelligent Systems and Computing",
	publisher= "Springer International Publishing Switzerland",
	year	= "2014",
	note	= "DOI: 10.1007/978-3-319-03992-3_10"
}

@manual{ IEEE802154e,
	author = "IEEE Computer Society",
  title = "IEEE Standard for Local and metropolitan area networks
	Part 15.4: Low-Rate Wireless Personal Area Networks (LR-WPANs)
	Amendment 1: MAC sublayer",
	address = "3 Park Avenue New York, NY 10016-5997 USA",
	year = "2012",
	language = "en"
}

@misc{ frequency_translation_fig,
	author = "Pascal Thubert, Thomas Watteyne",
	title = "Deterministic IPv6 over IEEE802.15.4e Timeslotted Channel Hopping (6TSCH) BoF"
}
