@INPROCEEDINGS{application:pim4soa:06a,
  author = {Gorka Benguria and Xabier Larrucea and Brian Elvesæter and Tor Neple
	and Anthony Beardsmore and Michael Friess},
  title = {{A} {P}latform {I}ndependent {M}odel for {S}ervice {O}riented {A}rchitectures},
  booktitle = {Enterprise Interoperability: New Challenges and Approaches, Proceedings
	Of the 2nd International Conference on Interoperability of Enterprise
	Systems and Architecture (I-ESA'2006), Bordeaux, France},
  year = {2007},
  pages = {23--34},
  month = {April},
  publisher = {Springer},
  isbn = {978-1-84628-713-8}
}

@ARTICLE{mde:bezivin:05a,
  author = {Jean B{\'e}zivin},
  title = {{O}n the unification power of models.},
  journal = {Software and System Modeling},
  year = {2005},
  volume = {4},
  pages = {171--188},
  number = {2},
  month = {May},
  doi = {10.1007/s10270-005-0079-0},
  ee = {http://dx.doi.org/10.1007/s10270-005-0079-0}
}

@ARTICLE{mde:czar:06a,
  author = {Krzysztof Czarnecki and Simon Helsen},
  title = {{F}eature-based survey of model transformation approaches},
  journal = {IBM Systems Journal},
  year = {2006},
  volume = {45},
  pages = {621--645},
  number = {3},
  month = {July},
  doi = {10.1147/sj.453.0621},
  url = {http://www.research.ibm.com/journal/sj/453/czarnecki.html}
}

@BOOK{gof,
  title = {{D}esign {P}atterns. {E}lements of {R}eusable {O}bject-{O}riented
	{S}oftware.},
  publisher = {Addison-Wesley Longman},
  year = {1995},
  author = {Erich Gamma and Richard Helm and Ralph E. Johnson},
  isbn = {0201633612}
}


@MISC{mde:uml211:07b,
  author = {OMG},
  title = {{U}nified {M}odeling {L}anguage: {S}uperstructure, version 2.1.1},
  howpublished = {formal/07-02-05},
  month = {February},
  year = {2007}
}

